@book{lu2004,
  title={Multimedia Security: Steganography and Digital Watermarking Techniques for Protection of Intellectual Property: Steganography and Digital Watermarking Techniques for Protection of Intellectual Property},
  author={Lu, Chun-Shien},
  year={2004},
  publisher={Igi Global}
}
@article{gupta2015,
	author = {Siddarth Gupta and Vagesh Porwal},
	title = {Recent Digital Watermarking Approaches, Protecting Multimedia Data Ownership},
	journal = {Advances in Computer Science : an International Journal},
	volume = {4},
	number = {2},
	year = {2015},
	issn = {2322-5157},
	url = {http://www.acsij.org/acsij/article/view/111},
	pages = {21--30}
}
@article{panda.survey,
  title={DIGITAL WATERMARKING: A SURVEY},
  author={PANDA, SAMAPTIKA and KARALI, Y}
}
@article{gost34.10,
  header={ГОСТР 34.10-2001 Информационная технология},
  title={Криптографическая защита информации. Процессы формирования и проверки электронной цифровой подписи.},
  year={2001}
}
@article{diffie1976,
  title={New directions in cryptography},
  author={Diffie, Whitfield and Hellman, Martin E},
  journal={Information Theory, IEEE Transactions on},
  volume={22},
  number={6},
  pages={644--654},
  year={1976},
  publisher={IEEE}
}
@article{rivest1978,
  title={A method for obtaining digital signatures and public-key cryptosystems},
  author={Rivest, Ronald L and Shamir, Adi and Adleman, Len},
  journal={Communications of the ACM},
  volume={21},
  number={2},
  pages={120--126},
  year={1978},
  publisher={ACM}
}

@article{sagaydak2014,
  title={Способ формирования цифрового водяного знака для физических и электронных документов},
  author={Сагайдак, ДА and Файзуллин, РТ},
  journal={Компьютерная оптика},
  volume={38},
  number={1},
  year={2014}
}

@online{wiki_LSB,
title = {Стеганография},
url = {https://ru.wikipedia.org/wiki/%D0%A1%D1%82%D0%B5%D0%B3%D0%B0%D0%BD%D0%BE%D0%B3%D1%80%D0%B0%D1%84%D0%B8%D1%8F#.D0.9C.D0.B5.D1.82.D0.BE.D0.B4_LSB},
OPTsubtitle = {Метод LSB},
OPTorganization = {Википедия – свободная энциклопедия},
OPTdate = {16},
OPTmonth = {12},
OPTyear = {2015},
OPTaddendum = {addendum},
OPTpubstate = {pubstate},
PTurldate = {17.12.2015}
}

@incollection{megias2003,
  title={A robust audio watermarking scheme based on MPEG 1 layer 3 compression},
  author={Meg{\'\i}as, David and Herrera-Joancomart{\'\i}, Jordi and Minguill{\'o}n, Julia},
  booktitle={Communications and Multimedia Security. Advanced Techniques for Network and Data Protection},
  pages={226--238},
  year={2003},
  publisher={Springer}
}
@article{borisova2015,
author={Борисова, С. Н.},
title={Методы защиты аудиофайлов от несанкционированного копирования и распространения},
journal={Фундаментальные исследования},
year={2015},
volume={5-3}
}
@article{polynskay2007,
  title={Инфраструктура открытых ключей},
  author={Полянская, О. Ю. and Горбатов, В. С.},
  journal={М., Изд-во: Интернет-университет информационных технологий, Лаборатория Знаний},
  year={2007}
}
@article{deguillaume2003,
  title={Secure hybrid robust watermarking resistant against tampering and copy attack},
  author={Deguillaume, F. and Voloshynovskiy, S. and Pun, Thierry},
  journal={Signal Processing},
  volume={83},
  number={10},
  pages={2133--2170},
  year={2003},
  publisher={Elsevier}
}
@inproceedings{asatryan2009,
  title={Combined spatial and frequency domain watermarking},
  author={Asatryan, David and Asatryan, Naira},
  booktitle={Proceedings of the 7th International Conference on Computer Science and Information Technologies},
  pages={323--326},
  year={2009}
}
@article{al2007,
  title={Combined DWT-DCT digital image watermarking},
  author={Al-Haj, Ali},
  journal={Journal of computer science},
  volume={3},
  number={9},
  pages={740--746},
  year={2007}
}