% This file was created with JabRef 2.10b2.
% Encoding: UTF-8


@Book{lu2004,
  Title                    = {Multimedia Security: Steganography and Digital Watermarking Techniques for Protection of Intellectual Property: Steganography and Digital Watermarking Techniques for Protection of Intellectual Property},
  Author                   = {Lu, Chun-Shien},
  Publisher                = {Igi Global},
  Year                     = {2004}
}

@Article{panda.survey,
  Title                    = {DIGITAL WATERMARKING: A SURVEY},
  Author                   = {PANDA, SAMAPTIKA and KARALI, Y}
}

@Other{wiki_LSB,
  Title                    = {Стеганография},
  Optaddendum              = {addendum},
  Optdate                  = {16},
  Optmonth                 = {12},
  Optorganization          = {Википедия – свободная энциклопедия},
  Optpubstate              = {pubstate},
  Optsubtitle              = {Метод LSB},
  Optyear                  = {2015},
  Pturldate                = {17.12.2015},
  Url                      = {https://ru.wikipedia.org/wiki/%D0%A1%D1%82%D0%B5%D0%B3%D0%B0%D0%BD%D0%BE%D0%B3%D1%80%D0%B0%D1%84%D0%B8%D1%8F#.D0.9C.D0.B5.D1.82.D0.BE.D0.B4_LSB}
}

